@article{Danecek:2011qy,
	Author = {Danecek, Petr and others},
	Journal = {Bioinformatics},
	Pages = {2156-8},
	Title = {The variant call format and {VCFtools}},
	Volume = {27},
	Year = {2011}}

@article{Durbin:2014yq,
	Author = {Durbin, Richard},
	Journal = {Bioinformatics},
	Pages = {1266-72},
	Title = {Efficient haplotype matching and storage using the positional {Burrows-Wheeler} transform ({PBWT})},
	Volume = {30},
	Year = {2014}}

@article{1000-Genomes-Project-Consortium:2012aa,
	Author = {{1000 Genomes Project Consortium}},
	Journal = {Nature},
	Pages = {56-65},
	Title = {An integrated map of genetic variation from 1,092 human genomes},
	Volume = {491},
	Year = {2012}}

@article{Stade:2014ty,
	Author = {Stade, Bj{\"o}rn and others},
	Journal = {BMC Genomics},
	Pages = {S8},
	Title = {{GrabBlur}--a framework to facilitate the secure exchange of whole-exome and -genome {SNV} data using {VCF} files},
	Volume = {15 Suppl 4},
	Year = {2014}}

@article{Ruan:2015ab,
	author = {Layer, Ryan M and others},
	title = {Efficient compression and analysis of large genetic variation datasets},
	year = {2015},
	doi = {10.1101/018259},
	publisher = {Cold Spring Harbor Labs Journals},
	journal = {bioRxiv}}
